<record><leader>00000cas a22000007a 4500</leader><controlfield tag="001">16637813</controlfield><controlfield tag="008">870903d18691870ohuwr ne      0    0eng d</controlfield><datafield ind1=" " ind2=" " tag="010"><subfield code="a">sn 87075012 </subfield></datafield><datafield ind1=" " ind2=" " tag="040"><subfield code="a">ONP</subfield><subfield code="b">eng</subfield><subfield code="c">ONP</subfield><subfield code="d">OCLCQ</subfield></datafield><datafield ind1=" " ind2=" " tag="042"><subfield code="a">msc</subfield></datafield><datafield ind1="0" ind2=" " tag="130"><subfield code="a">Democratic herald (New Lexington, Ohio : 1869)</subfield></datafield><datafield ind1="1" ind2="4" tag="245"><subfield code="a">The Democratic herald.</subfield></datafield><datafield ind1=" " ind2=" " tag="260"><subfield code="a">New Lexington, Ohio :</subfield><subfield code="b">Duffy, Green, &amp; Meloy,</subfield><subfield code="c">1869-</subfield></datafield><datafield ind1=" " ind2=" " tag="310"><subfield code="a">Weekly</subfield></datafield><datafield ind1="0" ind2=" " tag="362"><subfield code="a">Vol. 2, no. 35 (July 16, 1869)-</subfield></datafield><datafield ind1="1" ind2=" " tag="362"><subfield code="a">Ceased with Nov. 11, 1870 issue.</subfield></datafield><datafield ind1=" " ind2=" " tag="752"><subfield code="a">United States</subfield><subfield code="b">Ohio</subfield><subfield code="c">Perry</subfield><subfield code="d">New Lexington.</subfield></datafield><datafield ind1="0" ind2="0" tag="780"><subfield code="t">Weekly Democratic herald (New Lexington, Ohio)</subfield><subfield code="w">(DLC)sn 87075015</subfield></datafield><datafield ind1="0" ind2="0" tag="785"><subfield code="t">New Lexington herald (New Lexington, Ohio : 1870)</subfield><subfield code="w">(DLC)sn 87075007</subfield></datafield></record>